@online{depot,
    title = "Dépot git du projet",
    url = "https://gitlab.lip6.fr/pve-vms-distribution/pve-placement"
}

@online{pve,
    title = "Site de Proxmox",
    url = "https://www.proxmox.com/"
}

@online{api,
    title = "API de Proxmox",
    url = "https://pve.proxmox.com/wiki/Proxmox_VE_API"
}

@online{proxmoxer,
    title = "Wrapper en python3 pour l'API de Proxmox",
    url = "https://proxmoxer.github.io/docs/2.0/"
}

@online{qemu-migration,
    title = "Documentation Qemu sur la migration",
    url = "https://www.qemu.org/docs/master/devel/migration.html"
}

@online{bin_pack_wiki_algos,
    title = "Page wikipédia du problème de bin packing où plusieurs noms d'algorithmes sont cités",
    url = "https://en.wikipedia.org/wiki/Bin_packing_problem"
}

@online{linux_perf_fs,
    title = "Un article sur les performances des systèmes de fichiers pour Linux",
    url = "https://www.linuxjournal.com/article/2751"}

@online{post_precopy_schem,
    title = "Schémas à propos de la precopy et postcopy. Pages 5 et 7-10",
    url = "https://www.linux-kvm.org/images/e/ed/2011-forum-yabusame-postcopy-migration.pdf"
}

@online{xbzrle,
    title = "Schémas à propos de la precopy et postcopy. Pages 5 et 7-10",
    url = "https://github.com/qemu/qemu/blob/master/docs/xbzrle.txt"
}

@online{kernel_psi,
    title = "Pressure Stall Information",
    url = "https://docs.kernel.org/accounting/psi.html"
}

@online{load_average,
    title = "Load Average",
    url = "https://doc.ubuntu-fr.org/loadaverage"
}

@mastersthesis{MSA-algo,
    author = "Mahammad Suhail Atchukatla",
    title = "Algorithms for efficient VM placement in data centers",
    school = "Blekinge Institute of Technology",
    year = "2018",
    url = "http://www.diva-portal.org/smash/get/diva2:1261137/FULLTEXT02.pdf"
}

@article{KS_MNK-algo,
    author = "Kumaraswamy S, Mydhili K Nair",
    title = "Bin packing algorithms for virtual machine placement in cloud computing: a review",
    year = "2019",
    url = "https://www.researchgate.net/publication/332546043_Bin_packing_algorithms_for_virtual_machine_placement_in_cloud_computing_A_review"
}
